@book{abbas2017cellular,
  title={Cellular and Molecular Immunology E-Book},
  author={Abbas, A.K. and Lichtman, A.H.H. and Pillai, S.},
  isbn={9780323523233},
  url={https://books.google.nl/books?id=L4FUDgAAQBAJ},
  year={2017},
  publisher={Elsevier Health Sciences}
}
