 
@article{Das_2004,
    doi = {10.1016/j.jaci.2003.12.013},
    url = {https://doi.org/10.1016%2Fj.jaci.2003.12.013},
    year = 2004,
    month = {may},
    publisher = {Elsevier {BV}},
    volume = {113},
    number = {5},
    pages = {1002--1002},
    author = {Undurti N. Das},
    title = {Breast-feeding, atopy, and asthma},
    journal = {Journal of Allergy and Clinical Immunology}
} 
 
@article{den_Dekker_2016,
    doi = {10.1111/pai.12576},
    url = {https://doi.org/10.1111%2Fpai.12576},
    year = 2016,
    month = {may},
    publisher = {Wiley},
    volume = {27},
    number = {5},
    pages = {486--492},
    author = {Herman T. den Dekker and Agnes M. M. Sonnenschein-van der Voort and Vincent W. V. Jaddoe and Irwin K. Reiss and Johan C. de Jongste and Liesbeth Duijts},
    title = {Breastfeeding and asthma outcomes at the age of 6 years: The Generation R Study},
    journal = {Pediatric Allergy and Immunology}
} 
 
@article{Miliku_2018,
    doi = {10.3390/nu10080995},
    url = {https://doi.org/10.3390%2Fnu10080995},
    year = 2018,
    month = {jul},
    publisher = {{MDPI} {AG}},
    volume = {10},
    number = {8},
    pages = {995},
    author = {Kozeta Miliku and Meghan Azad},
    title = {Breastfeeding and the Developmental Origins of Asthma: Current Evidence, Possible Mechanisms, and Future Research Priorities},
    journal = {Nutrients}
} 
 
@article{Rollins_2016,
    doi = {10.1016/s0140-6736(15)01044-2},
    url = {https://doi.org/10.1016%2Fs0140-6736%2815%2901044-2},
    year = 2016,
    month = {jan},
    publisher = {Elsevier {BV}},
    volume = {387},
    number = {10017},
    pages = {491--504},
    author = {Nigel C Rollins and Nita Bhandari and Nemat Hajeebhoy and Susan Horton and Chessa K Lutter and Jose C Martines and Ellen G Piwoz and Linda M Richter and Cesar G Victora},
    title = {Why invest, and what it will take to improve breastfeeding practices?},
    journal = {The Lancet}
} 

@article{penttila2010milk,
    title={Milk-derived transforming growth factor-$\beta$ and the infant immune response},
    author={Penttila, Irmeli A},
    journal={The Journal of pediatrics},
    volume={156},
    number={2},
    pages={S21--S25},
    year={2010},
    publisher={Elsevier}
}

@article{dell2001breastfeeding,
    title={Breastfeeding and asthma in young children: findings from a population-based study},
    author={Dell, Sharon and To, Teresa},
    journal={Archives of pediatrics \& adolescent medicine},
    volume={155},
    number={11},
    pages={1261--1265},
    year={2001},
    publisher={American Medical Association}
}

@article{oddy1999association,
   title={Association between breast feeding and asthma in 6 year old children: findings of a prospective birth cohort study},
   author={Oddy, WH and Holt, PG and Sly, PD and Read, AW and Landau, LI and Stanley, FJ and Kendall, GE and Burton, PR},
   journal={Bmj},
   volume={319},
   number={7213},
   pages={815--819},
   year={1999},
   publisher={British Medical Journal Publishing Group}
}

@article{das2002essential,
    title={Essential fatty acids as possible enhancers of the beneficial actions of probiotics},
    author={Das, UN},
    journal={Nutrition},
    volume={18},
    number={9},
    pages={786--789},
    year={2002},
    publisher={Elsevier}
}

@article{world1981contemporary,
    title={Contemporary patterns of breast-feeding: report on the WHO Collaborative Study on Breast-feeding},
    author={World Health Organization and others},
    year={1981},
    publisher={Geneva: World Health Organization}
}
@book{abbas2017cellular,
  title={Cellular and Molecular Immunology E-Book},
  author={Abbas, A.K. and Lichtman, A.H.H. and Pillai, S.},
  isbn={9780323523233},
  url={https://books.google.nl/books?id=L4FUDgAAQBAJ},
  year={2017},
  publisher={Elsevier Health Sciences}
}
 
@article{Victora_2016,
	doi = {10.1016/s0140-6736(15)01024-7},
	url = {https://doi.org/10.1016%2Fs0140-6736%2815%2901024-7},
	year = 2016,
	month = {jan},
	publisher = {Elsevier {BV}},
	volume = {387},
	number = {10017},
	pages = {475--490},
	author = {Cesar G Victora and Rajiv Bahl and Alu{\'{\i}}sio J D Barros and Giovanny V A Fran{\c{c}}a and Susan Horton and Julia Krasevec and Simon Murch and Mari Jeeva Sankar and Neff Walker and Nigel C Rollins},
	title = {Breastfeeding in the 21st century: epidemiology, mechanisms, and lifelong effect},
	journal = {The Lancet}
} 
 
@article{Platts_Mills_2015,
	doi = {10.1016/j.jaci.2015.03.048},
	url = {https://doi.org/10.1016%2Fj.jaci.2015.03.048},
	year = 2015,
	month = {jul},
	publisher = {Elsevier {BV}},
	volume = {136},
	number = {1},
	pages = {3--13},
	author = {Thomas A.E. Platts-Mills},
	title = {The allergy epidemics: 1870-2010},
	journal = {Journal of Allergy and Clinical Immunology}
} 
 
@article{Houghteling_2015,
	doi = {10.1097/mpg.0000000000000597},
	url = {https://doi.org/10.1097%2Fmpg.0000000000000597},
	year = 2015,
	month = {mar},
	publisher = {Ovid Technologies (Wolters Kluwer Health)},
	volume = {60},
	number = {3},
	pages = {294--307},
	author = {Pearl D. Houghteling and W. Allan Walker},
	title = {Why Is Initial Bacterial Colonization of the Intestine Important to Infants' and Children's Health?},
	journal = {Journal of Pediatric Gastroenterology and Nutrition}
} 
